@manual{inde,
    author = {},
    title = {Guida all'uso Instant Developer},
    language = {Italian},
    organization = {Pro Gamma},
    pages = {8--9, 15--16},
    pagetotal = {490},
    ref = {https://doc.instantdeveloper.com/inde-users-guide.pdf}
}
